% Encoding: UTF-8

@Preamble{
"\def\Dbar{\leavevmode\lower.6ex\hbox to 0pt{\hskip-.23ex
\accent"16\hss}D} "
# "\def\cfac#1{\ifmmode\setbox7\hbox{$\accent"5E#1$}\else
\setbox7\hbox{\accent"5E#1}\penalty 10000\relax\fi\raise 1\ht7
\hbox{\lower1.15ex\hbox to 1\wd7{\hss\accent"13\hss}}\penalty 10000
\hskip-1\wd7\penalty 10000\box7} "
# "\def\cftil#1{\ifmmode\setbox7\hbox{$\accent"5E#1$}\else
\setbox7\hbox{\accent"5E#1}\penalty 10000\relax\fi\raise 1\ht7
\hbox{\lower1.15ex\hbox to 1\wd7{\hss\accent"7E\hss}}\penalty 10000
\hskip-1\wd7\penalty 10000\box7} "
}
@article {MR2525845,
    AUTHOR = {Baker, Matthew and Norine, Serguei},
     TITLE = {Harmonic morphisms and hyperelliptic graphs},
   JOURNAL = {Int. Math. Res. Not. IMRN},
  FJOURNAL = {International Mathematics Research Notices. IMRN},
      YEAR = {2009},
    NUMBER = {15},
     PAGES = {2914--2955},
      ISSN = {1073-7928},
   MRCLASS = {14H55 (14H45 30F15)},
  MRNUMBER = {2525845 (2010e:14031)},
MRREVIEWER = {Eugenii Shustin},
       DOI = {10.1093/imrn/rnp037},
       URL = {http://dx.doi.org/10.1093/imrn/rnp037},
}

@article {MR2355607,
    AUTHOR = {Baker, Matthew and Norine, Serguei},
     TITLE = {Riemann-{R}och and {A}bel-{J}acobi theory on a finite graph},
   JOURNAL = {Adv. Math.},
  FJOURNAL = {Advances in Mathematics},
    VOLUME = {215},
      YEAR = {2007},
    NUMBER = {2},
     PAGES = {766--788},
      ISSN = {0001-8708},
     CODEN = {ADMTA4},
   MRCLASS = {05C50 (05C25 05C38 14H99)},
  MRNUMBER = {2355607 (2008m:05167)},
MRREVIEWER = {Tatiana Smirnova-Nagnibeda},
       DOI = {10.1016/j.aim.2007.04.012},
       URL = {http://dx.doi.org/10.1016/j.aim.2007.04.012},
}

@article{BD2012,
AUTHOR = {Betts, A. and Dokchitser, V.},
TITLE =  {Finite quotients of $\mathbb{Z}[C_n]$-lattices and Tamagawa numbers of
abelian varieties},
JOURNAL = {Preprint},
YEAR = {2014},
VOLUME = {arXiv:1405.3151}
}

@article {BG14,
 AUTHOR = {Bhargava, Manjul and Gross, Benedict and Wang, Xiaoheng},
 TITLE = {Pencils of quadrics and the arithmetic of hyperelliptic curves},
 JOURNAL = {Preprint},
VOLUME = {http://arxiv.org/abs/1310.7692},
 YEAR = {2013},
}


@article {MR1717533,
    AUTHOR = {Bosch, Siegfried and Liu, Qing},
     TITLE = {Rational points of the group of components of a {N}\'eron
              model},
   JOURNAL = {Manuscripta Math.},
  FJOURNAL = {Manuscripta Mathematica},
    VOLUME = {98},
      YEAR = {1999},
    NUMBER = {3},
     PAGES = {275--293},
      ISSN = {0025-2611},
     CODEN = {MSMHB2},
   MRCLASS = {11G10 (11G25 14G20 14K15 14L15)},
  MRNUMBER = {1717533 (2000i:11094)},
MRREVIEWER = {Dino J. Lorenzini},
       DOI = {10.1007/s002290050140},
       URL = {http://dx.doi.org/10.1007/s002290050140},
}

@book {MR1045822,
    AUTHOR = {Bosch, Siegfried and L{\"u}tkebohmert, Werner and Raynaud,
              Michel},
     TITLE = {N\'eron models},
    SERIES = {Ergebnisse der Mathematik und ihrer Grenzgebiete (3) [Results
              in Mathematics and Related Areas (3)]},
    VOLUME = {21},
 PUBLISHER = {Springer-Verlag, Berlin},
      YEAR = {1990},
     PAGES = {x+325},
      ISBN = {3-540-50587-3},
   MRCLASS = {14K15 (11G10 14L15)},
  MRNUMBER = {1045822 (91i:14034)},
MRREVIEWER = {James Milne},
}

@article {MR2551757,
    AUTHOR = {Coates, John and Fukaya, Takako and Kato, Kazuya and Sujatha,
              Ramdorai},
     TITLE = {Root numbers, {S}elmer groups, and non-commutative {I}wasawa
              theory},
   JOURNAL = {J. Algebraic Geom.},
  FJOURNAL = {Journal of Algebraic Geometry},
    VOLUME = {19},
      YEAR = {2010},
    NUMBER = {1},
     PAGES = {19--97},
      ISSN = {1056-3911},
   MRCLASS = {11G40 (11R23)},
  MRNUMBER = {2551757 (2011a:11127)},
MRREVIEWER = {Th{\cfac{o}}ng Nguy{\cftil{e}}n-Quang-{\Dbar}{\cftil{o}}},
       DOI = {10.1090/S1056-3911-09-00504-9},
       URL = {http://dx.doi.org/10.1090/S1056-3911-09-00504-9},
}

@article {KES14,
 AUTHOR = {Cesnavicius, Kestutis},
 TITLE = {The {l}-parity conjecture over the constant quadratic extension},
 JOURNAL = {Preprint},
VOLUME = {http://arxiv.org/abs/1402.2939},
 YEAR = {2014},
}



@article {MR1865865,
    AUTHOR = {Cornelissen, Gunther},
     TITLE = {Two-torsion in the {J}acobian of hyperelliptic curves over
              finite fields},
   JOURNAL = {Arch. Math. (Basel)},
  FJOURNAL = {Archiv der Mathematik},
    VOLUME = {77},
      YEAR = {2001},
    NUMBER = {3},
     PAGES = {241--246},
      ISSN = {0003-889X},
     CODEN = {ACVMAL},
   MRCLASS = {11G20 (11R29 11R58)},
  MRNUMBER = {1865865 (2002g:11082)},
MRREVIEWER = {Andreas Schweizer},
       DOI = {10.1007/PL00000487},
URL = {http://dx.doi.org/10.1007/PL00000487},
}

       
@article {MR2169307,
    AUTHOR = {Cornelissen, Gunther},
     TITLE = {Erratum to: `{T}wo-torsion in the {J}acobian of hyperelliptic curves over
              finite fields'},
   JOURNAL = {Arch. Math. (Basel)},
  FJOURNAL = {Archiv der Mathematik},
    VOLUME = {85},
      YEAR = {2005},
    NUMBER = {6},
     PAGES = {loose erratum},
      ISSN = {0003-889X},
   MRCLASS = {11G20 (11R29 11R58)},
}

@article {MR1995864,
    AUTHOR = {Diem, Claus and Naumann, Niko},
     TITLE = {On the structure of {W}eil restrictions of abelian varieties},
   JOURNAL = {J. Ramanujan Math. Soc.},
  FJOURNAL = {Journal of the Ramanujan Mathematical Society},
    VOLUME = {18},
      YEAR = {2003},
    NUMBER = {2},
     PAGES = {153--174},
      ISSN = {0970-1249},
   MRCLASS = {14K15 (11G10)},
  MRNUMBER = {1995864 (2004m:14096)},
MRREVIEWER = {Antoine Chambert-Loir},
}

@article {MR2680426,
    AUTHOR = {Dokchitser, Tim and Dokchitser, Vladimir},
     TITLE = {On the {B}irch-{S}winnerton-{D}yer quotients modulo squares},
   JOURNAL = {Ann. of Math. (2)},
  FJOURNAL = {Annals of Mathematics. Second Series},
    VOLUME = {172},
      YEAR = {2010},
    NUMBER = {1},
     PAGES = {567--596},
      ISSN = {0003-486X},
     CODEN = {ANMAAH},
   MRCLASS = {11G40 (11G05)},
  MRNUMBER = {2680426 (2011h:11069)},
MRREVIEWER = {Ramdorai Sujatha},
       DOI = {10.4007/annals.2010.172.567},
       URL = {http://dx.doi.org/10.4007/annals.2010.172.567},
}


@article {MR2534092,
    AUTHOR = {Dokchitser, Tim and Dokchitser, Vladimir},
     TITLE = {Regulator constants and the parity conjecture},
   JOURNAL = {Invent. Math.},
  FJOURNAL = {Inventiones Mathematicae},
    VOLUME = {178},
      YEAR = {2009},
    NUMBER = {1},
     PAGES = {23--71},
      ISSN = {0020-9910},
     CODEN = {INVMBH},
   MRCLASS = {11G05 (11G10 11G40 19A22)},
  MRNUMBER = {2534092 (2010j:11089)},
MRREVIEWER = {Joseph H. Silverman},
       DOI = {10.1007/s00222-009-0193-7},
       URL = {http://dx.doi.org/10.1007/s00222-009-0193-7},
}

@article {MR2831512,
    AUTHOR = {Dokchitser, Tim and Dokchitser, Vladimir},
     TITLE = {Root numbers and parity of ranks of elliptic curves},
   JOURNAL = {J. Reine Angew. Math.},
  FJOURNAL = {Journal f\"ur die Reine und Angewandte Mathematik. [Crelle's
              Journal]},
    VOLUME = {658},
      YEAR = {2011},
     PAGES = {39--64},
      ISSN = {0075-4102},
     CODEN = {JRMAA8},
   MRCLASS = {11G05 (11G07 11G40)},
  MRNUMBER = {2831512 (2012h:11084)},
MRREVIEWER = {Ivica Gusi{\'c}},
       DOI = {10.1515/CRELLE.2011.060},
       URL = {http://dx.doi.org/10.1515/CRELLE.2011.060},
}

@article {MR0453639,
    AUTHOR = {Dye, R. H.},
     TITLE = {A geometric characterization of the special orthogonal groups
              and the {D}ickson invariant},
   JOURNAL = {J. London Math. Soc. (2)},
  FJOURNAL = {Journal of the London Mathematical Society. Second Series},
    VOLUME = {15},
      YEAR = {1977},
    NUMBER = {3},
     PAGES = {472--476},
      ISSN = {0024-6107},
   MRCLASS = {10C30 (20G15)},
  MRNUMBER = {0453639},
MRREVIEWER = {S. Boge},
       DOI = {10.1112/jlms/s2-15.3.472},
       URL = {http://dx.doi.org/10.1112/jlms/s2-15.3.472},
}

@article {MR3095219,
    AUTHOR = {Elkin, Arsen and Pries, Rachel},
     TITLE = {Ekedahl-{O}ort strata of hyperelliptic curves in
              characteristic 2},
   JOURNAL = {Algebra Number Theory},
  FJOURNAL = {Algebra \& Number Theory},
    VOLUME = {7},
      YEAR = {2013},
    NUMBER = {3},
     PAGES = {507--532},
      ISSN = {1937-0652},
   MRCLASS = {11G30 (14G17 14H45)},
  MRNUMBER = {3095219},
       DOI = {10.2140/ant.2013.7.507},
       URL = {http://dx.doi.org/10.2140/ant.2013.7.507},
}


@article {MR807070,
    AUTHOR = {Fontaine, Jean-Marc},
     TITLE = {Il n'y a pas de vari\'et\'e ab\'elienne sur {${\bf Z}$}},
   JOURNAL = {Invent. Math.},
  FJOURNAL = {Inventiones Mathematicae},
    VOLUME = {81},
      YEAR = {1985},
    NUMBER = {3},
     PAGES = {515--538},
      ISSN = {0020-9910},
     CODEN = {INVMBH},
   MRCLASS = {11G10 (11G30 14K15)},
  MRNUMBER = {807070 (87g:11073)},
MRREVIEWER = {Daniel Coray},
       DOI = {10.1007/BF01388584},
       URL = {http://dx.doi.org/10.1007/BF01388584},
}

@article {MR3058664,
    AUTHOR = {Gross, Benedict},
     TITLE = {Hanoi lectures on the arithmetic of hyperelliptic curves},
   JOURNAL = {Acta Math. (Vietnam)},
  FJOURNAL = {Archiv der Mathematik},
    VOLUME = {37},
      YEAR = {2012},
    NUMBER = {4},
     PAGES = {579â€“588},
         MRCLASS = {11G30 (14H25)},
}

@article {MR0199181,
    AUTHOR = {Grothendieck, A.},
     TITLE = {\'{E}l\'ements de g\'eom\'etrie alg\'ebrique. {IV}. \'{E}tude
              locale des sch\'emas et des morphismes de sch\'emas. {II}},
   JOURNAL = {Inst. Hautes \'Etudes Sci. Publ. Math.},
  FJOURNAL = {Institut des Hautes \'Etudes Scientifiques. Publications
              Math\'ematiques},
    NUMBER = {24},
      YEAR = {1965},
     PAGES = {231},
      ISSN = {0073-8301},
   MRCLASS = {14.00},
  MRNUMBER = {0199181 (33 \#7330)},
MRREVIEWER = {H. Hironaka},
}

@book {MR0463157,
    AUTHOR = {Hartshorne, Robin},
     TITLE = {Algebraic geometry},
      NOTE = {Graduate Texts in Mathematics, No. 52},
 PUBLISHER = {Springer-Verlag, New York-Heidelberg},
      YEAR = {1977},
     PAGES = {xvi+496},
      ISBN = {0-387-90244-9},
   MRCLASS = {14-01},
  MRNUMBER = {0463157 (57 \#3116)},
MRREVIEWER = {Robert Speiser},
}

@incollection {MR1827021,
    AUTHOR = {Howe, Everett W.},
     TITLE = {Isogeny classes of abelian varieties with no principal
              polarizations},
 BOOKTITLE = {Moduli of abelian varieties ({T}exel {I}sland, 1999)},
    SERIES = {Progr. Math.},
    VOLUME = {195},
     PAGES = {203--216},
 PUBLISHER = {Birkh\"auser},
   ADDRESS = {Basel},
      YEAR = {2001},
   MRCLASS = {11G10 (14K02 14K15)},
  MRNUMBER = {1827021 (2002g:11079)},
MRREVIEWER = {Antoine Chambert-Loir},
}

@article {MR3043582,
    AUTHOR = {Klagsbrun, Zev and Mazur, Barry and Rubin, Karl},
     TITLE = {Disparity in {S}elmer ranks of quadratic twists of elliptic
              curves},
   JOURNAL = {Ann. of Math. (2)},
  FJOURNAL = {Annals of Mathematics. Second Series},
    VOLUME = {178},
      YEAR = {2013},
    NUMBER = {1},
     PAGES = {287--320},
      ISSN = {0003-486X},
   MRCLASS = {11G05 (14G25)},
  MRNUMBER = {3043582},
MRREVIEWER = {Jan Nekov{\'a}{\v{r}}},
       DOI = {10.4007/annals.2013.178.1.5},
       URL = {http://dx.doi.org/10.4007/annals.2013.178.1.5},
}

@article{Klagsbrun_Mazur_Rubin_2014, 
place={London, UK}, 
title={A Markov model for Selmer ranks in families of twists}, 
volume={150}, 
url={https://www.cambridge.org/core/article/div-class-title-a-markov-model-for-selmer-ranks-in-families-of-twists-div/C0976221CF9119504ED07908BF36DF74},
 DOI={10.1112/S0010437X13007896}, 
 number={7}, 
journal={Compositio Mathematica}, 
publisher={London Mathematical Society},
 author={Klagsbrun, Zev and Mazur, Barry and Rubin, Karl}, 
year={2014}, 
month={Jul}, 
pages={1077â€“1106}
}

@article {MR597871,
    AUTHOR = {Kramer, Kenneth},
     TITLE = {Arithmetic of elliptic curves upon quadratic extension},
   JOURNAL = {Trans. Amer. Math. Soc.},
  FJOURNAL = {Transactions of the American Mathematical Society},
    VOLUME = {264},
      YEAR = {1981},
    NUMBER = {1},
     PAGES = {121--135},
      ISSN = {0002-9947},
     CODEN = {TAMTAM},
   MRCLASS = {14G25 (10B10 14K07)},
  MRNUMBER = {597871 (82g:14028)},
MRREVIEWER = {Andrew Bremner},
       DOI = {10.2307/1998414},
       URL = {http://dx.doi.org/10.2307/1998414},
}

@article {MR664648,
    AUTHOR = {Kramer, K. and Tunnell, J.},
     TITLE = {Elliptic curves and local {$\varepsilon $}-factors},
   JOURNAL = {Compositio Math.},
  FJOURNAL = {Compositio Mathematica},
    VOLUME = {46},
      YEAR = {1982},
    NUMBER = {3},
     PAGES = {307--352},
      ISSN = {0010-437X},
     CODEN = {CMPMAF},
   MRCLASS = {14K07 (10D40 14G10 14G20)},
  MRNUMBER = {664648 (83m:14031)},
MRREVIEWER = {Ernst-Wilhelm Zink},
       URL = {http://www.numdam.org/item?id=CM_1982__46_3_307_0},
}

@book {MR1917232,
    AUTHOR = {Liu, Qing},
     TITLE = {Algebraic geometry and arithmetic curves},
    SERIES = {Oxford Graduate Texts in Mathematics},
    VOLUME = {6},
      NOTE = {Translated from the French by Reinie Ern{\'e},
              Oxford Science Publications},
 PUBLISHER = {Oxford University Press, Oxford},
      YEAR = {2002},
     PAGES = {xvi+576},
      ISBN = {0-19-850284-2},
   MRCLASS = {14-01 (11G30 14A05 14A15 14Gxx 14Hxx)},
  MRNUMBER = {1917232 (2003g:14001)},
MRREVIEWER = {C{\'{\i}}cero Fernandes de Carvalho},
}

@article {MR1302311,
    AUTHOR = {Liu, Qing},
     TITLE = {Conducteur et discriminant minimal de courbes de genre {$2$}},
   JOURNAL = {Compositio Math.},
  FJOURNAL = {Compositio Mathematica},
    VOLUME = {94},
      YEAR = {1994},
    NUMBER = {1},
     PAGES = {51--79},
      ISSN = {0010-437X},
     CODEN = {CMPMAF},
   MRCLASS = {14H45 (11G20 14H25)},
  MRNUMBER = {1302311 (96b:14038)},
MRREVIEWER = {Zhi Jie Chen},
       URL = {http://www.numdam.org/item?id=CM_1994__94_1_51_0},
}

@article {MR1363944,
    AUTHOR = {Liu, Qing},
     TITLE = {Mod\`eles entiers des courbes hyperelliptiques sur un corps de
              valuation discr\`ete},
   JOURNAL = {Trans. Amer. Math. Soc.},
  FJOURNAL = {Transactions of the American Mathematical Society},
    VOLUME = {348},
      YEAR = {1996},
    NUMBER = {11},
     PAGES = {4577--4610},
      ISSN = {0002-9947},
     CODEN = {TAMTAM},
   MRCLASS = {11G20 (11G07 14G20)},
  MRNUMBER = {1363944 (97h:11062)},
MRREVIEWER = {Dino J. Lorenzini},
       DOI = {10.1090/S0002-9947-96-01684-4},
       URL = {http://dx.doi.org/10.1090/S0002-9947-96-01684-4},
}


@article {MR1285783,
    AUTHOR = {Liu, Qing},
     TITLE = {Mod\`eles minimaux des courbes de genre deux},
   JOURNAL = {J. Reine Angew. Math.},
  FJOURNAL = {Journal f\"ur die Reine und Angewandte Mathematik},
    VOLUME = {453},
      YEAR = {1994},
     PAGES = {137--164},
      ISSN = {0075-4102},
     CODEN = {JRMAA8},
   MRCLASS = {14E30 (14H10)},
  MRNUMBER = {1285783 (95k:14024)},
MRREVIEWER = {Giorgio Bolondi},
       DOI = {10.1515/crll.1994.453.137},
       URL = {http://dx.doi.org/10.1515/crll.1994.453.137},
}
@article {MR2961846,
    AUTHOR = {Lorenzini, Dino},
     TITLE = {Torsion and {T}amagawa numbers},
   JOURNAL = {Ann. Inst. Fourier (Grenoble)},
  FJOURNAL = {Universit\'e de Grenoble. Annales de l'Institut Fourier},
    VOLUME = {61},
      YEAR = {2011},
    NUMBER = {5},
     PAGES = {1995--2037 (2012)},
      ISSN = {0373-0956},
   MRCLASS = {11G05 (11G10 11G30 11G40 14G25 14K15)},
  MRNUMBER = {2961846},
MRREVIEWER = {Th{\cfac{o}}ng Nguy{\cftil{e}}n-Quang-{\Dbar}{\cftil{o}}},
       DOI = {10.5802/aif.2664},
       URL = {http://dx.doi.org/10.5802/aif.2664},
}

@article {MR0491735,
    AUTHOR = {Lubin, Jonathan and Rosen, Michael I.},
     TITLE = {The norm map for ordinary abelian varieties},
   JOURNAL = {J. Algebra},
  FJOURNAL = {Journal of Algebra},
    VOLUME = {52},
      YEAR = {1978},
    NUMBER = {1},
     PAGES = {236--240},
      ISSN = {0021-8693},
   MRCLASS = {14K15 (14L05)},
  MRNUMBER = {0491735 (58 \#10936)},
MRREVIEWER = {M. Basmakov},
}

@article {MR0444670,
    AUTHOR = {Mazur, Barry},
     TITLE = {Rational points of abelian varieties with values in towers of
              number fields},
   JOURNAL = {Invent. Math.},
  FJOURNAL = {Inventiones Mathematicae},
    VOLUME = {18},
      YEAR = {1972},
     PAGES = {183--266},
      ISSN = {0020-9910},
   MRCLASS = {14G25 (14K15)},
  MRNUMBER = {0444670 (56 \#3020)},
MRREVIEWER = {J. S. Milne},
}

@article {MR2373150,
    AUTHOR = {Mazur, Barry and Rubin, Karl},
     TITLE = {Finding large {S}elmer rank via an arithmetic theory of local
              constants},
   JOURNAL = {Ann. of Math. (2)},
  FJOURNAL = {Annals of Mathematics. Second Series},
    VOLUME = {166},
      YEAR = {2007},
    NUMBER = {2},
     PAGES = {579--612},
      ISSN = {0003-486X},
     CODEN = {ANMAAH},
   MRCLASS = {11G05 (11G40 11R23)},
  MRNUMBER = {2373150 (2009a:11127)},
MRREVIEWER = {Benjamin V. Howard},
       DOI = {10.4007/annals.2007.166.579},
       URL = {http://dx.doi.org/10.4007/annals.2007.166.579},
}

@incollection {MR861974,
    AUTHOR = {Milne, J. S.},
     TITLE = {Abelian varieties},
 BOOKTITLE = {Arithmetic geometry ({S}torrs, {C}onn., 1984)},
     PAGES = {103--150},
 PUBLISHER = {Springer, New York},
      YEAR = {1986},
   MRCLASS = {14K05 (11G10)},
  MRNUMBER = {861974},
}

@book {MR2261462,
    AUTHOR = {Milne, J. S.},
     TITLE = {Arithmetic duality theorems},
   EDITION = {Second},
 PUBLISHER = {BookSurge, LLC, Charleston, SC},
      YEAR = {2006},
     PAGES = {viii+339},
      ISBN = {1-4196-4274-X},
   MRCLASS = {14F20 (11G25 11G35 11R34 12G10)},
  MRNUMBER = {2261462 (2007e:14029)},
}

@article {MR0330174,
    AUTHOR = {Milne, J. S.},
     TITLE = {On the arithmetic of abelian varieties},
   JOURNAL = {Invent. Math.},
  FJOURNAL = {Inventiones Mathematicae},
    VOLUME = {17},
      YEAR = {1972},
     PAGES = {177--190},
      ISSN = {0020-9910},
   MRCLASS = {14K15 (14G10 14G25)},
  MRNUMBER = {0330174 (48 \#8512)},
MRREVIEWER = {T. Ono},
}

@article{MUMFORD1966,
author = {MUMFORD, D.},
journal = {Inventiones mathematicae},
pages = {287-354},
title = {On the Equations Defining Abelian Varieties. I.},
url = {http://eudml.org/doc/141838},
volume = {1},
year = {1966},
}

@article {MR3101073,
    AUTHOR = {Nekov{\'a}{\v{r}}, Jan},
     TITLE = {Some consequences of a formula of {M}azur and {R}ubin for
              arithmetic local constants},
   JOURNAL = {Algebra Number Theory},
  FJOURNAL = {Algebra \& Number Theory},
    VOLUME = {7},
      YEAR = {2013},
    NUMBER = {5},
     PAGES = {1101--1120},
      ISSN = {1937-0652},
   MRCLASS = {11G40},
  MRNUMBER = {3101073},
MRREVIEWER = {Julio Andrade},
       DOI = {10.2140/ant.2013.7.1101},
       URL = {http://dx.doi.org/10.2140/ant.2013.7.1101},
}

@book {MR2392026,
    AUTHOR = {Neukirch, J{\"u}rgen and Schmidt, Alexander and Wingberg, Kay},
     TITLE = {Cohomology of number fields},
    SERIES = {Grundlehren der Mathematischen Wissenschaften [Fundamental
              Principles of Mathematical Sciences]},
    VOLUME = {323},
   EDITION = {Second},
 PUBLISHER = {Springer-Verlag, Berlin},
      YEAR = {2008},
     PAGES = {xvi+825},
      ISBN = {978-3-540-37888-4},
   MRCLASS = {11R34 (11-02 11G45 11R23 11S20 11S25 11S31 12G05)},
  MRNUMBER = {2392026},
       DOI = {10.1007/978-3-540-37889-1},
       URL = {http://dx.doi.org/10.1007/978-3-540-37889-1},
}

@article {MR0280596,
    AUTHOR = {Pollatsek, Harriet},
     TITLE = {First cohomology groups of some linear groups over fields of
              characteristic two},
   JOURNAL = {Illinois J. Math.},
  FJOURNAL = {Illinois Journal of Mathematics},
    VOLUME = {15},
      YEAR = {1971},
     PAGES = {393--417},
      ISSN = {0019-2082},
   MRCLASS = {20.50},
  MRNUMBER = {0280596},
MRREVIEWER = {I. Stewart},
       URL = {http://projecteuclid.org/euclid.ijm/1256052609},
}


@article {MR2915483,
    AUTHOR = {Poonen, Bjorn and Rains, Eric},
     TITLE = {Self cup products and the theta characteristic torsor},
   JOURNAL = {Math. Res. Lett.},
  FJOURNAL = {Mathematical Research Letters},
    VOLUME = {18},
      YEAR = {2011},
    NUMBER = {6},
     PAGES = {1305--1318},
      ISSN = {1073-2780},
   MRCLASS = {18G50 (11G10 11G30 14G25 14K15)},
  MRNUMBER = {2915483},
MRREVIEWER = {Nicolae Manolache},
       DOI = {10.4310/MRL.2011.v18.n6.a18},
       URL = {http://dx.doi.org/10.4310/MRL.2011.v18.n6.a18},
}

@article {MR2833483,
    AUTHOR = {Poonen, Bjorn and Rains, Eric},
     TITLE = {Random maximal isotropic subspaces and {S}elmer groups},
   JOURNAL = {J. Amer. Math. Soc.},
  FJOURNAL = {Journal of the American Mathematical Society},
    VOLUME = {25},
      YEAR = {2012},
    NUMBER = {1},
     PAGES = {245--269},
      ISSN = {0894-0347},
   MRCLASS = {11G10 (11G05 11G30 14G25 14K15)},
  MRNUMBER = {2833483},
MRREVIEWER = {Philipp Habegger},
       DOI = {10.1090/S0894-0347-2011-00710-8},
       URL = {http://dx.doi.org/10.1090/S0894-0347-2011-00710-8},
}


@article {MR1740984,
    AUTHOR = {Poonen, Bjorn and Stoll, Michael},
     TITLE = {The {C}assels-{T}ate pairing on polarized abelian varieties},
   JOURNAL = {Ann. of Math. (2)},
  FJOURNAL = {Annals of Mathematics. Second Series},
    VOLUME = {150},
      YEAR = {1999},
    NUMBER = {3},
     PAGES = {1109--1149},
      ISSN = {0003-486X},
     CODEN = {ANMAAH},
   MRCLASS = {11G10 (11G30 14H40 14K15)},
  MRNUMBER = {1740984 (2000m:11048)},
MRREVIEWER = {Tam{\'a}s Szamuely},
       DOI = {10.2307/121064},
       URL = {http://dx.doi.org/10.2307/121064},
}

@article {MR2309184,
    AUTHOR = {Sabitova, Maria},
     TITLE = {Root numbers of abelian varieties},
   JOURNAL = {Trans. Amer. Math. Soc.},
  FJOURNAL = {Transactions of the American Mathematical Society},
    VOLUME = {359},
      YEAR = {2007},
    NUMBER = {9},
     PAGES = {4259--4284 (electronic)},
      ISSN = {0002-9947},
     CODEN = {TAMTAM},
   MRCLASS = {11G10 (11F80 11G40 11R32)},
  MRNUMBER = {2309184 (2008c:11090)},
MRREVIEWER = {Jae-Hyun Yang},
       DOI = {10.1090/S0002-9947-07-04148-7},
       URL = {http://dx.doi.org/10.1090/S0002-9947-07-04148-7},
}

@article {MR1370197,
    AUTHOR = {Schaefer, Edward F.},
     TITLE = {Class groups and {S}elmer groups},
   JOURNAL = {J. Number Theory},
  FJOURNAL = {Journal of Number Theory},
    VOLUME = {56},
      YEAR = {1996},
    NUMBER = {1},
     PAGES = {79--114},
      ISSN = {0022-314X},
     CODEN = {JNUTA9},
   MRCLASS = {11G10 (11G30 14K02 14K15)},
  MRNUMBER = {1370197 (97e:11068)},
MRREVIEWER = {Philippe Satg{\'e}},
       DOI = {10.1006/jnth.1996.0006},
       URL = {http://dx.doi.org/10.1006/jnth.1996.0006},
}

@book {MR554237,
    AUTHOR = {Serre, Jean-Pierre},
     TITLE = {Local fields},
    SERIES = {Graduate Texts in Mathematics},
    VOLUME = {67},
      NOTE = {Translated from the French by Marvin Jay Greenberg},
 PUBLISHER = {Springer-Verlag, New York-Berlin},
      YEAR = {1979},
     PAGES = {viii+241},
      ISBN = {0-387-90424-7},
   MRCLASS = {12Bxx},
  MRNUMBER = {554237 (82e:12016)},
}

@article {MR1081832,
    AUTHOR = {Shioda, Tetsuji},
     TITLE = {On the {M}ordell-{W}eil lattices},
   JOURNAL = {Comment. Math. Univ. St. Paul.},
  FJOURNAL = {Commentarii Mathematici Universitatis Sancti Pauli},
    VOLUME = {39},
      YEAR = {1990},
    NUMBER = {2},
     PAGES = {211--240},
      ISSN = {0010-258X},
   MRCLASS = {14J27 (11G05 14C17 14D10 14J05 14J20)},
  MRNUMBER = {1081832},
MRREVIEWER = {Joseph H. Silverman},
}


@incollection{Silhol,
author={Silhol, Robert},
year={1989},
isbn={978-3-540-51563-0},
booktitle={Real Algebraic Surfaces},
volume={1392},
series={Lecture Notes in Mathematics},
doi={10.1007/BFb0088819},
title={Digression on real abelian varieties and classification of real abelian surfaces},
url={http://dx.doi.org/10.1007/BFb0088819},
publisher={Springer Berlin Heidelberg},
pages={75-94}
}

@book {MR2514094,
    AUTHOR = {Silverman, Joseph H.},
     TITLE = {The arithmetic of elliptic curves},
    SERIES = {Graduate Texts in Mathematics},
    VOLUME = {106},
   EDITION = {Second},
 PUBLISHER = {Springer, Dordrecht},
      YEAR = {2009},
     PAGES = {xx+513},
      ISBN = {978-0-387-09493-9},
   MRCLASS = {11-02 (11G05 11G20 14H52 14K15)},
  MRNUMBER = {2514094},
MRREVIEWER = {Vasil\cprime  \=I. Andr\=\i \u\i chuk},
       DOI = {10.1007/978-0-387-09494-6},
       URL = {http://dx.doi.org/10.1007/978-0-387-09494-6},
}



@article {MR1829626,
    AUTHOR = {Stoll, Michael},
     TITLE = {Implementing 2-descent for {J}acobians of hyperelliptic
              curves},
   JOURNAL = {Acta Arith.},
  FJOURNAL = {Acta Arithmetica},
    VOLUME = {98},
      YEAR = {2001},
    NUMBER = {3},
     PAGES = {245--277},
      ISSN = {0065-1036},
     CODEN = {AARIA9},
   MRCLASS = {11G30 (11G10 14H25 14H40)},
  MRNUMBER = {1829626 (2002b:11089)},
MRREVIEWER = {Edward F. Schaefer},
       DOI = {10.4064/aa98-3-4},
       URL = {http://dx.doi.org/10.4064/aa98-3-4},
}

@article {YU15,
 AUTHOR = {Yu, Myungjun},
 TITLE = {Selmer ranks of twists of hyperelliptic curves and superelliptic curves},
 JOURNAL = {Preprint},
VOLUME = {http://arxiv.org/abs/1511.07511},
 YEAR = {2015},
}

@Article{Kadziela2007,
  author   = {Kadziela, Samuel},
  title    = {Rigid Analytic Uniformization of Curves and the Study of Isogenies},
  journal  = {Acta Applicandae Mathematicae},
  year     = {2007},
  volume   = {99},
  number   = {2},
  pages    = {185--204},
  abstract = {Complex uniformization of curves is a popular tool in Number Theory. There are, however, some arithmetic and computational advantages in the use of p-adic uniformization. This paper compares the two theories and discusses how they can be used to study isogenies, with explicit examples of p-adic uniformization of hyperelliptic curves.},
  doi      = {10.1007/s10440-007-9162-6},
  issn     = {1572-9036},
  url      = {http://dx.doi.org/10.1007/s10440-007-9162-6},
}

@InCollection{MR3204270,
  author     = {Papikian, Mihran},
  title      = {Non-{A}rchimedean uniformization and monodromy pairing},
  booktitle  = {Tropical and non-{A}rchimedean geometry},
  publisher  = {Amer. Math. Soc., Providence, RI},
  year       = {2013},
  volume     = {605},
  series     = {Contemp. Math.},
  pages      = {123--160},
  doi        = {10.1090/conm/605/12114},
  mrclass    = {14G22 (14G35 14K15)},
  mrnumber   = {3204270},
  mrreviewer = {Alessandra Bertapelle},
  url        = {http://dx.doi.org/10.1090/conm/605/12114},
}

@InCollection{Milne1986,
  author    = {Milne, J. S.},
  title     = {Abelian varieties},
  booktitle = {Arithmetic geometry ({S}torrs, {C}onn., 1984)},
  publisher = {Springer, New York},
  year      = {1986},
  pages     = {103--150},
  mrclass   = {14K05 (11G10)},
  mrnumber  = {861974},
}

@InCollection{MR1608788,
  author    = {Grothendieck, Alexander},
  title     = {Formule de {L}efschetz et rationalit\'e des fonctions {$L$}},
  booktitle = {S\'eminaire {B}ourbaki, {V}ol.\ 9},
  publisher = {Soc. Math. France, Paris},
  year      = {1995},
  pages     = {Exp.\ No.\ 279, 41--55},
  mrclass   = {14G10},
  mrnumber  = {1608788},
}

@Article{MR833192,
  author     = {Gross, Benedict H. and Zagier, Don B.},
  title      = {Heegner points and derivatives of {$L$}-series},
  journal    = {Invent. Math.},
  year       = {1986},
  volume     = {84},
  number     = {2},
  pages      = {225--320},
  doi        = {10.1007/BF01388809},
  fjournal   = {Inventiones Mathematicae},
  issn       = {0020-9910},
  mrclass    = {11G40 (11F11 11G05 14G10)},
  mrnumber   = {833192},
  mrreviewer = {Loren D. Olson},
  url        = {http://dx.doi.org/10.1007/BF01388809},
}

@Article{MR954295,
  author     = {Kolyvagin, V. A.},
  title      = {Finiteness of {$E({\bf Q})$} and {$\Sha$}{$(E,{\bf Q})$} for a subclass of {W}eil curves},
  journal    = {Izv. Akad. Nauk SSSR Ser. Mat.},
  year       = {1988},
  volume     = {52},
  number     = {3},
  pages      = {522--540, 670--671},
  fjournal   = {Izvestiya Akademii Nauk SSSR. Seriya Matematicheskaya},
  issn       = {0373-2436},
  mrclass    = {11G05 (11G40 14G25 14K07)},
  mrnumber   = {954295},
  mrreviewer = {Reinhard B\"olling},
}

@InCollection{MR1610977,
  author    = {Tate, John},
  title     = {On the conjectures of {B}irch and {S}winnerton-{D}yer and a geometric analog},
  booktitle = {S\'eminaire {B}ourbaki, {V}ol.\ 9},
  publisher = {Soc. Math. France, Paris},
  year      = {1995},
  pages     = {Exp.\ No.\ 306, 415--440},
  mrclass   = {11G40 (14G10)},
  mrnumber  = {1610977},
}

@Article{MR0414558,
  author     = {Milne, J. S.},
  title      = {On a conjecture of {A}rtin and {T}ate},
  journal    = {Ann. of Math. (2)},
  year       = {1975},
  volume     = {102},
  number     = {3},
  pages      = {517--533},
  doi        = {10.2307/1971042},
  fjournal   = {Annals of Mathematics. Second Series},
  issn       = {0003-486X},
  mrclass    = {14G10},
  mrnumber   = {0414558},
  mrreviewer = {Loren D. Olson},
  url        = {http://dx.doi.org/10.2307/1971042},
}

@Article{MR1826411,
  author     = {Zhang, Shouwu},
  title      = {Heights of {H}eegner points on {S}himura curves},
  journal    = {Ann. of Math. (2)},
  year       = {2001},
  volume     = {153},
  number     = {1},
  pages      = {27--147},
  doi        = {10.2307/2661372},
  fjournal   = {Annals of Mathematics. Second Series},
  issn       = {0003-486X},
  mrclass    = {11G18 (11F11 11G05 11G40 11G50)},
  mrnumber   = {1826411},
  mrreviewer = {Henri Darmon},
  url        = {http://dx.doi.org/10.2307/2661372},
}

@Article{MR0463176,
  author     = {Coates, J. and Wiles, A.},
  title      = {On the conjecture of {B}irch and {S}winnerton-{D}yer},
  journal    = {Invent. Math.},
  year       = {1977},
  volume     = {39},
  number     = {3},
  pages      = {223--251},
  doi        = {10.1007/BF01402975},
  fjournal   = {Inventiones Mathematicae},
  issn       = {0020-9910},
  mrclass    = {14G10 (10D15 14G25)},
  mrnumber   = {0463176},
  mrreviewer = {Kenneth A. Ribet},
  url        = {http://dx.doi.org/10.1007/BF01402975},
}

@Article{MR0179169,
  author     = {Cassels, J. W. S.},
  title      = {Arithmetic on curves of genus 1. {VIII}. {O}n conjectures of {B}irch and {S}winnerton-{D}yer},
  journal    = {J. Reine Angew. Math.},
  year       = {1965},
  volume     = {217},
  pages      = {180--199},
  doi        = {10.1515/crll.1965.217.180},
  fjournal   = {Journal f\"ur die Reine und Angewandte Mathematik},
  issn       = {0075-4102},
  mrclass    = {14.48 (14.49)},
  mrnumber   = {0179169},
  mrreviewer = {T. Ono},
  url        = {http://dx.doi.org/10.1515/crll.1965.217.180},
}

@InCollection{MR3307716,
  author     = {Zhang, Wei},
  title      = {The {B}irch--{S}winnerton-{D}yer conjecture and {H}eegner points: a survey},
  booktitle  = {Current developments in mathematics 2013},
  publisher  = {Int. Press, Somerville, MA},
  year       = {2014},
  pages      = {169--203},
  mrclass    = {11G40},
  mrnumber   = {3307716},
  mrreviewer = {Matteo Longo},
}

@Article{MR3148103,
  author     = {Skinner, Christopher and Urban, Eric},
  title      = {The {I}wasawa main conjectures for {$\rm GL_2$}},
  journal    = {Invent. Math.},
  year       = {2014},
  volume     = {195},
  number     = {1},
  pages      = {1--277},
  doi        = {10.1007/s00222-013-0448-1},
  fjournal   = {Inventiones Mathematicae},
  issn       = {0020-9910},
  mrclass    = {11R23 (11F03 11F33 11F80 11G05)},
  mrnumber   = {3148103},
  mrreviewer = {Andreas Nickel},
  url        = {http://dx.doi.org/10.1007/s00222-013-0448-1},
}

@Article{MR3295917,
  author     = {Zhang, Wei},
  title      = {Selmer groups and the indivisibility of {H}eegner points},
  journal    = {Camb. J. Math.},
  year       = {2014},
  volume     = {2},
  number     = {2},
  pages      = {191--253},
  doi        = {10.4310/CJM.2014.v2.n2.a2},
  fjournal   = {Cambridge Journal of Mathematics},
  issn       = {2168-0930},
  mrclass    = {11G05 (14G25)},
  mrnumber   = {3295917},
  mrreviewer = {Robert Juricevic},
  url        = {http://dx.doi.org/10.4310/CJM.2014.v2.n2.a2},
}

@InCollection{MR1086888,
  author     = {Bloch, Spencer and Kato, Kazuya},
  title      = {{$L$}-functions and {T}amagawa numbers of motives},
  booktitle  = {The {G}rothendieck {F}estschrift, {V}ol.\ {I}},
  publisher  = {Birkh\"auser Boston, Boston, MA},
  year       = {1990},
  volume     = {86},
  series     = {Progr. Math.},
  pages      = {333--400},
  mrclass    = {11G40 (11G09 14C35 14F30 14G10)},
  mrnumber   = {1086888},
  mrreviewer = {Ehud de Shalit},
}

@Article{MR570874,
  author     = {Bloch, S.},
  title      = {A note on height pairings, {T}amagawa numbers, and the {B}irch and {S}winnerton-{D}yer conjecture},
  journal    = {Invent. Math.},
  year       = {1980},
  volume     = {58},
  number     = {1},
  pages      = {65--76},
  doi        = {10.1007/BF01402274},
  fjournal   = {Inventiones Mathematicae},
  issn       = {0020-9910},
  mrclass    = {14K15 (12A70 14G25)},
  mrnumber   = {570874},
  mrreviewer = {T. Ono},
  url        = {http://dx.doi.org/10.1007/BF01402274},
}

@Comment{jabref-meta: databaseType:bibtex;}
