% Encoding: UTF-8

@Preamble{
"\def\Dbar{\leavevmode\lower.6ex\hbox to 0pt{\hskip-.23ex
\accent"16\hss}D} "
# "\def\cfac#1{\ifmmode\setbox7\hbox{$\accent"5E#1$}\else
\setbox7\hbox{\accent"5E#1}\penalty 10000\relax\fi\raise 1\ht7
\hbox{\lower1.15ex\hbox to 1\wd7{\hss\accent"13\hss}}\penalty 10000
\hskip-1\wd7\penalty 10000\box7} "
# "\def\cftil#1{\ifmmode\setbox7\hbox{$\accent"5E#1$}\else
\setbox7\hbox{\accent"5E#1}\penalty 10000\relax\fi\raise 1\ht7
\hbox{\lower1.15ex\hbox to 1\wd7{\hss\accent"7E\hss}}\penalty 10000
\hskip-1\wd7\penalty 10000\box7} "
}

@article {MR0318216,
    AUTHOR = {Amitsur, S. A.},
     TITLE = {On central division algebras},
   JOURNAL = {Israel J. Math.},
  FJOURNAL = {Israel Journal of Mathematics},
    VOLUME = {12},
      YEAR = {1972},
     PAGES = {408--420},
      ISSN = {0021-2172},
   MRCLASS = {16A40},
  MRNUMBER = {0318216},
MRREVIEWER = {P. M. Cohn},
       DOI = {10.1007/BF02764632},
       URL = {https://doi.org/10.1007/BF02764632},
}

@article {MR0070624,
    AUTHOR = {Amitsur, S. A.},
     TITLE = {Generic splitting fields of central simple algebras},
   JOURNAL = {Ann. of Math. (2)},
  FJOURNAL = {Annals of Mathematics. Second Series},
    VOLUME = {62},
      YEAR = {1955},
     PAGES = {8--43},
      ISSN = {0003-486X},
   MRCLASS = {09.3X},
  MRNUMBER = {0070624},
MRREVIEWER = {A. A. Albert},
       DOI = {10.2307/2007098},
       URL = {https://doi.org/10.2307/2007098},
}


@article {MR2525845,
    AUTHOR = {Baker, Matthew and Norine, Serguei},
     TITLE = {Harmonic morphisms and hyperelliptic graphs},
   JOURNAL = {Int. Math. Res. Not. IMRN},
  FJOURNAL = {International Mathematics Research Notices. IMRN},
      YEAR = {2009},
    NUMBER = {15},
     PAGES = {2914--2955},
      ISSN = {1073-7928},
   MRCLASS = {14H55 (14H45 30F15)},
  MRNUMBER = {2525845 (2010e:14031)},
MRREVIEWER = {Eugenii Shustin},
       DOI = {10.1093/imrn/rnp037},
       URL = {http://dx.doi.org/10.1093/imrn/rnp037},
}

@article {MR2355607,
    AUTHOR = {Baker, Matthew and Norine, Serguei},
     TITLE = {Riemann-{R}och and {A}bel-{J}acobi theory on a finite graph},
   JOURNAL = {Adv. Math.},
  FJOURNAL = {Advances in Mathematics},
    VOLUME = {215},
      YEAR = {2007},
    NUMBER = {2},
     PAGES = {766--788},
      ISSN = {0001-8708},
     CODEN = {ADMTA4},
   MRCLASS = {05C50 (05C25 05C38 14H99)},
  MRNUMBER = {2355607 (2008m:05167)},
MRREVIEWER = {Tatiana Smirnova-Nagnibeda},
       DOI = {10.1016/j.aim.2007.04.012},
       URL = {http://dx.doi.org/10.1016/j.aim.2007.04.012},
}

@article{BD2012,
AUTHOR = {Betts, A. and Dokchitser, V.},
TITLE =  {Finite quotients of $\mathbb{Z}[C_n]$-lattices and Tamagawa numbers of
abelian varieties},
JOURNAL = {Preprint},
YEAR = {2014},
VOLUME = {arXiv:1405.3151}
}

@article {BG14,
 AUTHOR = {Bhargava, Manjul and Gross, Benedict and Wang, Xiaoheng},
 TITLE = {Pencils of quadrics and the arithmetic of hyperelliptic curves},
 JOURNAL = {Preprint},
VOLUME = {http://arxiv.org/abs/1310.7692},
 YEAR = {2013},
}


@article {MR1717533,
    AUTHOR = {Bosch, Siegfried and Liu, Qing},
     TITLE = {Rational points of the group of components of a {N}\'eron
              model},
   JOURNAL = {Manuscripta Math.},
  FJOURNAL = {Manuscripta Mathematica},
    VOLUME = {98},
      YEAR = {1999},
    NUMBER = {3},
     PAGES = {275--293},
      ISSN = {0025-2611},
     CODEN = {MSMHB2},
   MRCLASS = {11G10 (11G25 14G20 14K15 14L15)},
  MRNUMBER = {1717533 (2000i:11094)},
MRREVIEWER = {Dino J. Lorenzini},
       DOI = {10.1007/s002290050140},
       URL = {http://dx.doi.org/10.1007/s002290050140},
}

@book {MR1045822,
    AUTHOR = {Bosch, Siegfried and L{\"u}tkebohmert, Werner and Raynaud,
              Michel},
     TITLE = {N\'eron models},
    SERIES = {Ergebnisse der Mathematik und ihrer Grenzgebiete (3) [Results
              in Mathematics and Related Areas (3)]},
    VOLUME = {21},
 PUBLISHER = {Springer-Verlag, Berlin},
      YEAR = {1990},
     PAGES = {x+325},
      ISBN = {3-540-50587-3},
   MRCLASS = {14K15 (11G10 14L15)},
  MRNUMBER = {1045822 (91i:14034)},
MRREVIEWER = {James Milne},
}

@article {MR2551757,
    AUTHOR = {Coates, John and Fukaya, Takako and Kato, Kazuya and Sujatha,
              Ramdorai},
     TITLE = {Root numbers, {S}elmer groups, and non-commutative {I}wasawa
              theory},
   JOURNAL = {J. Algebraic Geom.},
  FJOURNAL = {Journal of Algebraic Geometry},
    VOLUME = {19},
      YEAR = {2010},
    NUMBER = {1},
     PAGES = {19--97},
      ISSN = {1056-3911},
   MRCLASS = {11G40 (11R23)},
  MRNUMBER = {2551757 (2011a:11127)},
MRREVIEWER = {Th{\cfac{o}}ng Nguy{\cftil{e}}n-Quang-{\Dbar}{\cftil{o}}},
       DOI = {10.1090/S1056-3911-09-00504-9},
       URL = {http://dx.doi.org/10.1090/S1056-3911-09-00504-9},
}



@article {KES14,
    AUTHOR = {\v{C}esnavi\v{c}ius, K\polhk{e}stutis},
     TITLE = {The {$\ell$}-parity conjecture over the constant quadratic
              extension},
   JOURNAL = {Math. Proc. Cambridge Philos. Soc.},
  FJOURNAL = {Mathematical Proceedings of the Cambridge Philosophical
              Society},
    VOLUME = {165},
      YEAR = {2018},
    NUMBER = {3},
     PAGES = {385--409},
      ISSN = {0305-0041},
   MRCLASS = {11G40 (14K15)},
  MRNUMBER = {3860395},
       DOI = {10.1017/S030500411700055X},
       URL = {https://doi.org/10.1017/S030500411700055X},
}

@article {PC2011,
 AUTHOR = {Pete L. Clark},
 TITLE = {Noncommutative Algebra},
 JOURNAL = {Lecture notes, available at},
VOLUME = {math.uga.edu/~pete/noncommutativealgebra.pdf},
}

@article {KC,
 AUTHOR = {Keith Conrad},
 TITLE = {Separability},
 JOURNAL = {Lecture notes, available at},
VOLUME = {https://kconrad.math.uconn.edu/blurbs/galoistheory/separable1.pdf},
}



@article {MR1865865,
    AUTHOR = {Cornelissen, Gunther},
     TITLE = {Two-torsion in the {J}acobian of hyperelliptic curves over
              finite fields},
   JOURNAL = {Arch. Math. (Basel)},
  FJOURNAL = {Archiv der Mathematik},
    VOLUME = {77},
      YEAR = {2001},
    NUMBER = {3},
     PAGES = {241--246},
      ISSN = {0003-889X},
     CODEN = {ACVMAL},
   MRCLASS = {11G20 (11R29 11R58)},
  MRNUMBER = {1865865 (2002g:11082)},
MRREVIEWER = {Andreas Schweizer},
       DOI = {10.1007/PL00000487},
URL = {http://dx.doi.org/10.1007/PL00000487},
}

       
@article {MR2169307,
    AUTHOR = {Cornelissen, Gunther},
     TITLE = {Erratum to: `{T}wo-torsion in the {J}acobian of hyperelliptic curves over
              finite fields'},
   JOURNAL = {Arch. Math. (Basel)},
  FJOURNAL = {Archiv der Mathematik},
    VOLUME = {85},
      YEAR = {2005},
    NUMBER = {6},
     PAGES = {loose erratum},
      ISSN = {0003-889X},
   MRCLASS = {11G20 (11R29 11R58)},
}

@book {MR1038525,
    AUTHOR = {Curtis, Charles W. and Reiner, Irving},
     TITLE = {Methods of representation theory. {V}ol. {I}},
    SERIES = {Wiley Classics Library},
      NOTE = {With applications to finite groups and orders,
              Reprint of the 1981 original,
              A Wiley-Interscience Publication},
 PUBLISHER = {John Wiley \& Sons, Inc., New York},
      YEAR = {1990},
     PAGES = {xxiv+819},
      ISBN = {0-471-52367-4},
   MRCLASS = {20-02 (01A75 11R33 20Cxx)},
  MRNUMBER = {1038525},
}

@article {MR1995864,
    AUTHOR = {Diem, Claus and Naumann, Niko},
     TITLE = {On the structure of {W}eil restrictions of abelian varieties},
   JOURNAL = {J. Ramanujan Math. Soc.},
  FJOURNAL = {Journal of the Ramanujan Mathematical Society},
    VOLUME = {18},
      YEAR = {2003},
    NUMBER = {2},
     PAGES = {153--174},
      ISSN = {0970-1249},
   MRCLASS = {14K15 (11G10)},
  MRNUMBER = {1995864 (2004m:14096)},
MRREVIEWER = {Antoine Chambert-Loir},
}

@article {MR2680426,
    AUTHOR = {Dokchitser, Tim and Dokchitser, Vladimir},
     TITLE = {On the {B}irch-{S}winnerton-{D}yer quotients modulo squares},
   JOURNAL = {Ann. of Math. (2)},
  FJOURNAL = {Annals of Mathematics. Second Series},
    VOLUME = {172},
      YEAR = {2010},
    NUMBER = {1},
     PAGES = {567--596},
      ISSN = {0003-486X},
     CODEN = {ANMAAH},
   MRCLASS = {11G40 (11G05)},
  MRNUMBER = {2680426 (2011h:11069)},
MRREVIEWER = {Ramdorai Sujatha},
       DOI = {10.4007/annals.2010.172.567},
       URL = {http://dx.doi.org/10.4007/annals.2010.172.567},
}


@article {MR2534092,
    AUTHOR = {Dokchitser, Tim and Dokchitser, Vladimir},
     TITLE = {Regulator constants and the parity conjecture},
   JOURNAL = {Invent. Math.},
  FJOURNAL = {Inventiones Mathematicae},
    VOLUME = {178},
      YEAR = {2009},
    NUMBER = {1},
     PAGES = {23--71},
      ISSN = {0020-9910},
     CODEN = {INVMBH},
   MRCLASS = {11G05 (11G10 11G40 19A22)},
  MRNUMBER = {2534092 (2010j:11089)},
MRREVIEWER = {Joseph H. Silverman},
       DOI = {10.1007/s00222-009-0193-7},
       URL = {http://dx.doi.org/10.1007/s00222-009-0193-7},
}

@article {MR2831512,
    AUTHOR = {Dokchitser, Tim and Dokchitser, Vladimir},
     TITLE = {Root numbers and parity of ranks of elliptic curves},
   JOURNAL = {J. Reine Angew. Math.},
  FJOURNAL = {Journal f\"ur die Reine und Angewandte Mathematik. [Crelle's
              Journal]},
    VOLUME = {658},
      YEAR = {2011},
     PAGES = {39--64},
      ISSN = {0075-4102},
     CODEN = {JRMAA8},
   MRCLASS = {11G05 (11G07 11G40)},
  MRNUMBER = {2831512 (2012h:11084)},
MRREVIEWER = {Ivica Gusi{\'c}},
       DOI = {10.1515/CRELLE.2011.060},
       URL = {http://dx.doi.org/10.1515/CRELLE.2011.060},
}

@article {DDMM18, 
AUTHOR = {
Dokchitser, Tim and Dokchitser, Vladimir and Maistret, C\'{e}line and Morgan, Adam}, 

TITLE = {Arithmetic of hyperelliptic curves over local fields},

JOURNAL = {preprint, arxiv: 1808.02936},
YEAR ={2018},
}

@Article{Smith16,
  author  = {Alexander Smith},
  title   = {Governing fields and statistics for 4-Selmer groups and 8-class groups},
  journal = {Preprint, arXiv:1607.07860},
  year    = {2016},
}


@article {MR1693445,
    AUTHOR = {Le Duff, Pierre},
     TITLE = {Repr\'{e}sentations galoisiennes associ\'{e}es aux points d'ordre
              {$l$} des jacobiennes de certaines courbes de genre 2},
   JOURNAL = {Bull. Soc. Math. France},
  FJOURNAL = {Bulletin de la Soci\'{e}t\'{e} Math\'{e}matique de France},
    VOLUME = {126},
      YEAR = {1998},
    NUMBER = {4},
     PAGES = {507--524},
      ISSN = {0037-9484},
   MRCLASS = {11F80 (11G30)},
  MRNUMBER = {1693445},
MRREVIEWER = {Chandrashekhar Khare},
       URL = {http://www.numdam.org/item?id=BSMF_1998__126_4_507_0},
}

@article {MR0453639,
    AUTHOR = {Dye, R. H.},
     TITLE = {A geometric characterization of the special orthogonal groups
              and the {D}ickson invariant},
   JOURNAL = {J. London Math. Soc. (2)},
  FJOURNAL = {Journal of the London Mathematical Society. Second Series},
    VOLUME = {15},
      YEAR = {1977},
    NUMBER = {3},
     PAGES = {472--476},
      ISSN = {0024-6107},
   MRCLASS = {10C30 (20G15)},
  MRNUMBER = {0453639},
MRREVIEWER = {S. Boge},
       DOI = {10.1112/jlms/s2-15.3.472},
       URL = {http://dx.doi.org/10.1112/jlms/s2-15.3.472},
}

@article {MR3095219,
    AUTHOR = {Elkin, Arsen and Pries, Rachel},
     TITLE = {Ekedahl-{O}ort strata of hyperelliptic curves in
              characteristic 2},
   JOURNAL = {Algebra Number Theory},
  FJOURNAL = {Algebra \& Number Theory},
    VOLUME = {7},
      YEAR = {2013},
    NUMBER = {3},
     PAGES = {507--532},
      ISSN = {1937-0652},
   MRCLASS = {11G30 (14G17 14H45)},
  MRNUMBER = {3095219},
       DOI = {10.2140/ant.2013.7.507},
       URL = {http://dx.doi.org/10.2140/ant.2013.7.507},
}


@article {MR807070,
    AUTHOR = {Fontaine, Jean-Marc},
     TITLE = {Il n'y a pas de vari\'et\'e ab\'elienne sur {${\bf Z}$}},
   JOURNAL = {Invent. Math.},
  FJOURNAL = {Inventiones Mathematicae},
    VOLUME = {81},
      YEAR = {1985},
    NUMBER = {3},
     PAGES = {515--538},
      ISSN = {0020-9910},
     CODEN = {INVMBH},
   MRCLASS = {11G10 (11G30 14K15)},
  MRNUMBER = {807070 (87g:11073)},
MRREVIEWER = {Daniel Coray},
       DOI = {10.1007/BF01388584},
       URL = {http://dx.doi.org/10.1007/BF01388584},
}

@book {MR2266528,
    AUTHOR = {Gille, Philippe and Szamuely, Tam\'{a}s},
     TITLE = {Central simple algebras and {G}alois cohomology},
    SERIES = {Cambridge Studies in Advanced Mathematics},
    VOLUME = {101},
 PUBLISHER = {Cambridge University Press, Cambridge},
      YEAR = {2006},
     PAGES = {xii+343},
      ISBN = {978-0-521-86103-8; 0-521-86103-9},
   MRCLASS = {16K20 (14F22 19C30)},
  MRNUMBER = {2266528},
MRREVIEWER = {Gr\'{e}gory Berhuy},
       DOI = {10.1017/CBO9780511607219},
       URL = {https://doi.org/10.1017/CBO9780511607219},
}

@article {MR3058664,
    AUTHOR = {Gross, Benedict},
     TITLE = {Hanoi lectures on the arithmetic of hyperelliptic curves},
   JOURNAL = {Acta Math. (Vietnam)},
  FJOURNAL = {Archiv der Mathematik},
    VOLUME = {37},
      YEAR = {2012},
    NUMBER = {4},
     PAGES = {579–588},
         MRCLASS = {11G30 (14H25)},
}

@article {MR0199181,
    AUTHOR = {Grothendieck, A.},
     TITLE = {\'{E}l\'ements de g\'eom\'etrie alg\'ebrique. {IV}. \'{E}tude
              locale des sch\'emas et des morphismes de sch\'emas. {II}},
   JOURNAL = {Inst. Hautes \'Etudes Sci. Publ. Math.},
  FJOURNAL = {Institut des Hautes \'Etudes Scientifiques. Publications
              Math\'ematiques},
    NUMBER = {24},
      YEAR = {1965},
     PAGES = {231},
      ISSN = {0073-8301},
   MRCLASS = {14.00},
  MRNUMBER = {0199181 (33 \#7330)},
MRREVIEWER = {H. Hironaka},
}


@incollection {MR0225922,
    AUTHOR = {Gruenberg, K.},
     TITLE = {Profinite groups},
 BOOKTITLE = {Algebraic {N}umber {T}heory ({P}roc. {I}nstructional {C}onf.,
              {B}righton, 1965)},
     PAGES = {116--127},
 PUBLISHER = {Thompson, Washington, D.C.},
      YEAR = {1967},
   MRCLASS = {22.10 (10.00)},
  MRNUMBER = {0225922},
MRREVIEWER = {A. Brumer},
}



@book {MR0463157,
    AUTHOR = {Hartshorne, Robin},
     TITLE = {Algebraic geometry},
      NOTE = {Graduate Texts in Mathematics, No. 52},
 PUBLISHER = {Springer-Verlag, New York-Heidelberg},
      YEAR = {1977},
     PAGES = {xvi+496},
      ISBN = {0-387-90244-9},
   MRCLASS = {14-01},
  MRNUMBER = {0463157 (57 \#3116)},
MRREVIEWER = {Robert Speiser},
}

@incollection {MR1827021,
    AUTHOR = {Howe, Everett W.},
     TITLE = {Isogeny classes of abelian varieties with no principal
              polarizations},
 BOOKTITLE = {Moduli of abelian varieties ({T}exel {I}sland, 1999)},
    SERIES = {Progr. Math.},
    VOLUME = {195},
     PAGES = {203--216},
 PUBLISHER = {Birkh\"auser},
   ADDRESS = {Basel},
      YEAR = {2001},
   MRCLASS = {11G10 (14K02 14K15)},
  MRNUMBER = {1827021 (2002g:11079)},
MRREVIEWER = {Antoine Chambert-Loir},
}

@book {MR1009787,
    AUTHOR = {Jacobson, Nathan},
     TITLE = {Basic algebra. {II}},
   EDITION = {Second},
 PUBLISHER = {W. H. Freeman and Company, New York},
      YEAR = {1989},
     PAGES = {xviii+686},
      ISBN = {0-7167-1933-9},
   MRCLASS = {00A05 (12-01 15-01 16-01)},
  MRNUMBER = {1009787},
MRREVIEWER = {P. M. Cohn},
}

@article {MR3043582,
    AUTHOR = {Klagsbrun, Zev and Mazur, Barry and Rubin, Karl},
     TITLE = {Disparity in {S}elmer ranks of quadratic twists of elliptic
              curves},
   JOURNAL = {Ann. of Math. (2)},
  FJOURNAL = {Annals of Mathematics. Second Series},
    VOLUME = {178},
      YEAR = {2013},
    NUMBER = {1},
     PAGES = {287--320},
      ISSN = {0003-486X},
   MRCLASS = {11G05 (14G25)},
  MRNUMBER = {3043582},
MRREVIEWER = {Jan Nekov{\'a}{\v{r}}},
       DOI = {10.4007/annals.2013.178.1.5},
       URL = {http://dx.doi.org/10.4007/annals.2013.178.1.5},
}

@article{Klagsbrun_Mazur_Rubin_2014, 
place={London, UK}, 
title={A Markov model for Selmer ranks in families of twists}, 
volume={150}, 
url={https://www.cambridge.org/core/article/div-class-title-a-markov-model-for-selmer-ranks-in-families-of-twists-div/C0976221CF9119504ED07908BF36DF74},
 DOI={10.1112/S0010437X13007896}, 
 number={7}, 
journal={Compositio Mathematica}, 
publisher={London Mathematical Society},
 author={Klagsbrun, Zev and Mazur, Barry and Rubin, Karl}, 
year={2014}, 
month={Jul}, 
pages={1077–1106}
}

@article {MR597871,
    AUTHOR = {Kramer, Kenneth},
     TITLE = {Arithmetic of elliptic curves upon quadratic extension},
   JOURNAL = {Trans. Amer. Math. Soc.},
  FJOURNAL = {Transactions of the American Mathematical Society},
    VOLUME = {264},
      YEAR = {1981},
    NUMBER = {1},
     PAGES = {121--135},
      ISSN = {0002-9947},
     CODEN = {TAMTAM},
   MRCLASS = {14G25 (10B10 14K07)},
  MRNUMBER = {597871 (82g:14028)},
MRREVIEWER = {Andrew Bremner},
       DOI = {10.2307/1998414},
       URL = {http://dx.doi.org/10.2307/1998414},
}

@article {MR664648,
    AUTHOR = {Kramer, K. and Tunnell, J.},
     TITLE = {Elliptic curves and local {$\varepsilon $}-factors},
   JOURNAL = {Compositio Math.},
  FJOURNAL = {Compositio Mathematica},
    VOLUME = {46},
      YEAR = {1982},
    NUMBER = {3},
     PAGES = {307--352},
      ISSN = {0010-437X},
     CODEN = {CMPMAF},
   MRCLASS = {14K07 (10D40 14G10 14G20)},
  MRNUMBER = {664648 (83m:14031)},
MRREVIEWER = {Ernst-Wilhelm Zink},
       URL = {http://www.numdam.org/item?id=CM_1982__46_3_307_0},
}

@book {MR1917232,
    AUTHOR = {Liu, Qing},
     TITLE = {Algebraic geometry and arithmetic curves},
    SERIES = {Oxford Graduate Texts in Mathematics},
    VOLUME = {6},
      NOTE = {Translated from the French by Reinie Ern{\'e},
              Oxford Science Publications},
 PUBLISHER = {Oxford University Press, Oxford},
      YEAR = {2002},
     PAGES = {xvi+576},
      ISBN = {0-19-850284-2},
   MRCLASS = {14-01 (11G30 14A05 14A15 14Gxx 14Hxx)},
  MRNUMBER = {1917232 (2003g:14001)},
MRREVIEWER = {C{\'{\i}}cero Fernandes de Carvalho},
}

@article {MR1302311,
    AUTHOR = {Liu, Qing},
     TITLE = {Conducteur et discriminant minimal de courbes de genre {$2$}},
   JOURNAL = {Compositio Math.},
  FJOURNAL = {Compositio Mathematica},
    VOLUME = {94},
      YEAR = {1994},
    NUMBER = {1},
     PAGES = {51--79},
      ISSN = {0010-437X},
     CODEN = {CMPMAF},
   MRCLASS = {14H45 (11G20 14H25)},
  MRNUMBER = {1302311 (96b:14038)},
MRREVIEWER = {Zhi Jie Chen},
       URL = {http://www.numdam.org/item?id=CM_1994__94_1_51_0},
}

@article {MR1363944,
    AUTHOR = {Liu, Qing},
     TITLE = {Mod\`eles entiers des courbes hyperelliptiques sur un corps de
              valuation discr\`ete},
   JOURNAL = {Trans. Amer. Math. Soc.},
  FJOURNAL = {Transactions of the American Mathematical Society},
    VOLUME = {348},
      YEAR = {1996},
    NUMBER = {11},
     PAGES = {4577--4610},
      ISSN = {0002-9947},
     CODEN = {TAMTAM},
   MRCLASS = {11G20 (11G07 14G20)},
  MRNUMBER = {1363944 (97h:11062)},
MRREVIEWER = {Dino J. Lorenzini},
       DOI = {10.1090/S0002-9947-96-01684-4},
       URL = {http://dx.doi.org/10.1090/S0002-9947-96-01684-4},
}


@article {MR1285783,
    AUTHOR = {Liu, Qing},
     TITLE = {Mod\`eles minimaux des courbes de genre deux},
   JOURNAL = {J. Reine Angew. Math.},
  FJOURNAL = {Journal f\"ur die Reine und Angewandte Mathematik},
    VOLUME = {453},
      YEAR = {1994},
     PAGES = {137--164},
      ISSN = {0075-4102},
     CODEN = {JRMAA8},
   MRCLASS = {14E30 (14H10)},
  MRNUMBER = {1285783 (95k:14024)},
MRREVIEWER = {Giorgio Bolondi},
       DOI = {10.1515/crll.1994.453.137},
       URL = {http://dx.doi.org/10.1515/crll.1994.453.137},
}
@article {MR2961846,
    AUTHOR = {Lorenzini, Dino},
     TITLE = {Torsion and {T}amagawa numbers},
   JOURNAL = {Ann. Inst. Fourier (Grenoble)},
  FJOURNAL = {Universit\'e de Grenoble. Annales de l'Institut Fourier},
    VOLUME = {61},
      YEAR = {2011},
    NUMBER = {5},
     PAGES = {1995--2037 (2012)},
      ISSN = {0373-0956},
   MRCLASS = {11G05 (11G10 11G30 11G40 14G25 14K15)},
  MRNUMBER = {2961846},
MRREVIEWER = {Th{\cfac{o}}ng Nguy{\cftil{e}}n-Quang-{\Dbar}{\cftil{o}}},
       DOI = {10.5802/aif.2664},
       URL = {http://dx.doi.org/10.5802/aif.2664},
}

@article {MR0491735,
    AUTHOR = {Lubin, Jonathan and Rosen, Michael I.},
     TITLE = {The norm map for ordinary abelian varieties},
   JOURNAL = {J. Algebra},
  FJOURNAL = {Journal of Algebra},
    VOLUME = {52},
      YEAR = {1978},
    NUMBER = {1},
     PAGES = {236--240},
      ISSN = {0021-8693},
   MRCLASS = {14K15 (14L05)},
  MRNUMBER = {0491735 (58 \#10936)},
MRREVIEWER = {M. Basmakov},
}

@article {MR0444670,
    AUTHOR = {Mazur, Barry},
     TITLE = {Rational points of abelian varieties with values in towers of
              number fields},
   JOURNAL = {Invent. Math.},
  FJOURNAL = {Inventiones Mathematicae},
    VOLUME = {18},
      YEAR = {1972},
     PAGES = {183--266},
      ISSN = {0020-9910},
   MRCLASS = {14G25 (14K15)},
  MRNUMBER = {0444670 (56 \#3020)},
MRREVIEWER = {J. S. Milne},
}

@article {MR2373150,
    AUTHOR = {Mazur, Barry and Rubin, Karl},
     TITLE = {Finding large {S}elmer rank via an arithmetic theory of local
              constants},
   JOURNAL = {Ann. of Math. (2)},
  FJOURNAL = {Annals of Mathematics. Second Series},
    VOLUME = {166},
      YEAR = {2007},
    NUMBER = {2},
     PAGES = {579--612},
      ISSN = {0003-486X},
     CODEN = {ANMAAH},
   MRCLASS = {11G05 (11G40 11R23)},
  MRNUMBER = {2373150 (2009a:11127)},
MRREVIEWER = {Benjamin V. Howard},
       DOI = {10.4007/annals.2007.166.579},
       URL = {http://dx.doi.org/10.4007/annals.2007.166.579},
}

@incollection {MR861974,
    AUTHOR = {Milne, J. S.},
     TITLE = {Abelian varieties},
 BOOKTITLE = {Arithmetic geometry ({S}torrs, {C}onn., 1984)},
     PAGES = {103--150},
 PUBLISHER = {Springer, New York},
      YEAR = {1986},
   MRCLASS = {14K05 (11G10)},
  MRNUMBER = {861974},
}

@book {MR2261462,
    AUTHOR = {Milne, J. S.},
     TITLE = {Arithmetic duality theorems},
   EDITION = {Second},
 PUBLISHER = {BookSurge, LLC, Charleston, SC},
      YEAR = {2006},
     PAGES = {viii+339},
      ISBN = {1-4196-4274-X},
   MRCLASS = {14F20 (11G25 11G35 11R34 12G10)},
  MRNUMBER = {2261462 (2007e:14029)},
}

@article {MR0330174,
    AUTHOR = {Milne, J. S.},
     TITLE = {On the arithmetic of abelian varieties},
   JOURNAL = {Invent. Math.},
  FJOURNAL = {Inventiones Mathematicae},
    VOLUME = {17},
      YEAR = {1972},
     PAGES = {177--190},
      ISSN = {0020-9910},
   MRCLASS = {14K15 (14G10 14G25)},
  MRNUMBER = {0330174 (48 \#8512)},
MRREVIEWER = {T. Ono},
}

@Article{MUMFORD1966,
  author  = {Mumford, D.},
  title   = {On the Equations Defining Abelian Varieties. I.},
  journal = {Inventiones mathematicae},
  year    = {1966},
  volume  = {1},
  pages   = {287-354},
  url     = {http://eudml.org/doc/141838},
}

@article {MR3101073,
    AUTHOR = {Nekov{\'a}{\v{r}}, Jan},
     TITLE = {Some consequences of a formula of {M}azur and {R}ubin for
              arithmetic local constants},
   JOURNAL = {Algebra Number Theory},
  FJOURNAL = {Algebra \& Number Theory},
    VOLUME = {7},
      YEAR = {2013},
    NUMBER = {5},
     PAGES = {1101--1120},
      ISSN = {1937-0652},
   MRCLASS = {11G40},
  MRNUMBER = {3101073},
MRREVIEWER = {Julio Andrade},
       DOI = {10.2140/ant.2013.7.1101},
       URL = {http://dx.doi.org/10.2140/ant.2013.7.1101},
}

@book {MR2392026,
    AUTHOR = {Neukirch, J{\"u}rgen and Schmidt, Alexander and Wingberg, Kay},
     TITLE = {Cohomology of number fields},
    SERIES = {Grundlehren der Mathematischen Wissenschaften [Fundamental
              Principles of Mathematical Sciences]},
    VOLUME = {323},
   EDITION = {Second},
 PUBLISHER = {Springer-Verlag, Berlin},
      YEAR = {2008},
     PAGES = {xvi+825},
      ISBN = {978-3-540-37888-4},
   MRCLASS = {11R34 (11-02 11G45 11R23 11S20 11S25 11S31 12G05)},
  MRNUMBER = {2392026},
       DOI = {10.1007/978-3-540-37889-1},
       URL = {http://dx.doi.org/10.1007/978-3-540-37889-1},
}

@article {MR0280596,
    AUTHOR = {Pollatsek, Harriet},
     TITLE = {First cohomology groups of some linear groups over fields of
              characteristic two},
   JOURNAL = {Illinois J. Math.},
  FJOURNAL = {Illinois Journal of Mathematics},
    VOLUME = {15},
      YEAR = {1971},
     PAGES = {393--417},
      ISSN = {0019-2082},
   MRCLASS = {20.50},
  MRNUMBER = {0280596},
MRREVIEWER = {I. Stewart},
       URL = {http://projecteuclid.org/euclid.ijm/1256052609},
}


@article {MR2915483,
    AUTHOR = {Poonen, Bjorn and Rains, Eric},
     TITLE = {Self cup products and the theta characteristic torsor},
   JOURNAL = {Math. Res. Lett.},
  FJOURNAL = {Mathematical Research Letters},
    VOLUME = {18},
      YEAR = {2011},
    NUMBER = {6},
     PAGES = {1305--1318},
      ISSN = {1073-2780},
   MRCLASS = {18G50 (11G10 11G30 14G25 14K15)},
  MRNUMBER = {2915483},
MRREVIEWER = {Nicolae Manolache},
       DOI = {10.4310/MRL.2011.v18.n6.a18},
       URL = {http://dx.doi.org/10.4310/MRL.2011.v18.n6.a18},
}

@article {MR2833483,
    AUTHOR = {Poonen, Bjorn and Rains, Eric},
     TITLE = {Random maximal isotropic subspaces and {S}elmer groups},
   JOURNAL = {J. Amer. Math. Soc.},
  FJOURNAL = {Journal of the American Mathematical Society},
    VOLUME = {25},
      YEAR = {2012},
    NUMBER = {1},
     PAGES = {245--269},
      ISSN = {0894-0347},
   MRCLASS = {11G10 (11G05 11G30 14G25 14K15)},
  MRNUMBER = {2833483},
MRREVIEWER = {Philipp Habegger},
       DOI = {10.1090/S0894-0347-2011-00710-8},
       URL = {http://dx.doi.org/10.1090/S0894-0347-2011-00710-8},
}


@article {MR1740984,
    AUTHOR = {Poonen, Bjorn and Stoll, Michael},
     TITLE = {The {C}assels-{T}ate pairing on polarized abelian varieties},
   JOURNAL = {Ann. of Math. (2)},
  FJOURNAL = {Annals of Mathematics. Second Series},
    VOLUME = {150},
      YEAR = {1999},
    NUMBER = {3},
     PAGES = {1109--1149},
      ISSN = {0003-486X},
     CODEN = {ANMAAH},
   MRCLASS = {11G10 (11G30 14H40 14K15)},
  MRNUMBER = {1740984 (2000m:11048)},
MRREVIEWER = {Tam{\'a}s Szamuely},
       DOI = {10.2307/121064},
       URL = {http://dx.doi.org/10.2307/121064},
}

@article {MR2309184,
    AUTHOR = {Sabitova, Maria},
     TITLE = {Root numbers of abelian varieties},
   JOURNAL = {Trans. Amer. Math. Soc.},
  FJOURNAL = {Transactions of the American Mathematical Society},
    VOLUME = {359},
      YEAR = {2007},
    NUMBER = {9},
     PAGES = {4259--4284 (electronic)},
      ISSN = {0002-9947},
     CODEN = {TAMTAM},
   MRCLASS = {11G10 (11F80 11G40 11R32)},
  MRNUMBER = {2309184 (2008c:11090)},
MRREVIEWER = {Jae-Hyun Yang},
       DOI = {10.1090/S0002-9947-07-04148-7},
       URL = {http://dx.doi.org/10.1090/S0002-9947-07-04148-7},
}

@article {MR3820059,
    AUTHOR = {Sadek, Mohammad},
     TITLE = {Minimal regular models of quadratic twists of genus two
              curves},
   JOURNAL = {Acta Arith.},
  FJOURNAL = {Acta Arithmetica},
    VOLUME = {183},
      YEAR = {2018},
    NUMBER = {4},
     PAGES = {317--337},
      ISSN = {0065-1036},
   MRCLASS = {11G20 (14G40 14H25)},
  MRNUMBER = {3820059},
MRREVIEWER = {Juan Tena},
       DOI = {10.4064/aa161222-15-12},
       URL = {https://doi.org/10.4064/aa161222-15-12},
}

@article {MR3264495,
    AUTHOR = {Sadek, Mohammad},
     TITLE = {On quadratic twists of hyperelliptic curves},
   JOURNAL = {Rocky Mountain J. Math.},
  FJOURNAL = {The Rocky Mountain Journal of Mathematics},
    VOLUME = {44},
      YEAR = {2014},
    NUMBER = {3},
     PAGES = {1015--1026},
      ISSN = {0035-7596},
   MRCLASS = {11G05 (14H45)},
  MRNUMBER = {3264495},
MRREVIEWER = {Victor Gayoso Mart\'{i}nez},
       DOI = {10.1216/RMJ-2014-44-3-1015},
       URL = {https://doi.org/10.1216/RMJ-2014-44-3-1015},
}

@article {MR1370197,
    AUTHOR = {Schaefer, Edward F.},
     TITLE = {Class groups and {S}elmer groups},
   JOURNAL = {J. Number Theory},
  FJOURNAL = {Journal of Number Theory},
    VOLUME = {56},
      YEAR = {1996},
    NUMBER = {1},
     PAGES = {79--114},
      ISSN = {0022-314X},
     CODEN = {JNUTA9},
   MRCLASS = {11G10 (11G30 14K02 14K15)},
  MRNUMBER = {1370197 (97e:11068)},
MRREVIEWER = {Philippe Satg{\'e}},
       DOI = {10.1006/jnth.1996.0006},
       URL = {http://dx.doi.org/10.1006/jnth.1996.0006},
}

@book {MR554237,
    AUTHOR = {Serre, Jean-Pierre},
     TITLE = {Local fields},
    SERIES = {Graduate Texts in Mathematics},
    VOLUME = {67},
      NOTE = {Translated from the French by Marvin Jay Greenberg},
 PUBLISHER = {Springer-Verlag, New York-Berlin},
      YEAR = {1979},
     PAGES = {viii+241},
      ISBN = {0-387-90424-7},
   MRCLASS = {12Bxx},
  MRNUMBER = {554237 (82e:12016)},
}

@book {MR1867431,
    AUTHOR = {Serre, Jean-Pierre},
     TITLE = {Galois cohomology},
    SERIES = {Springer Monographs in Mathematics},
   EDITION = {English},
      NOTE = {Translated from the French by Patrick Ion and revised by the
              author},
 PUBLISHER = {Springer-Verlag, Berlin},
      YEAR = {2002},
     PAGES = {x+210},
      ISBN = {3-540-42192-0},
   MRCLASS = {12G05 (11R34)},
  MRNUMBER = {1867431},
}


@incollection{Silhol,
author={Silhol, Robert},
year={1989},
isbn={978-3-540-51563-0},
booktitle={Real Algebraic Surfaces},
volume={1392},
series={Lecture Notes in Mathematics},
doi={10.1007/BFb0088819},
title={Digression on real abelian varieties and classification of real abelian surfaces},
url={http://dx.doi.org/10.1007/BFb0088819},
publisher={Springer Berlin Heidelberg},
pages={75-94}
}

@article {MR1829626,
    AUTHOR = {Stoll, Michael},
     TITLE = {Implementing 2-descent for {J}acobians of hyperelliptic
              curves},
   JOURNAL = {Acta Arith.},
  FJOURNAL = {Acta Arithmetica},
    VOLUME = {98},
      YEAR = {2001},
    NUMBER = {3},
     PAGES = {245--277},
      ISSN = {0065-1036},
     CODEN = {AARIA9},
   MRCLASS = {11G30 (11G10 14H25 14H40)},
  MRNUMBER = {1829626 (2002b:11089)},
MRREVIEWER = {Edward F. Schaefer},
       DOI = {10.4064/aa98-3-4},
       URL = {http://dx.doi.org/10.4064/aa98-3-4},
}






@Article{Kadziela2007,
  author   = {Kadziela, Samuel},
  title    = {Rigid Analytic Uniformization of Curves and the Study of Isogenies},
  journal  = {Acta Applicandae Mathematicae},
  year     = {2007},
  volume   = {99},
  number   = {2},
  pages    = {185--204},
  abstract = {Complex uniformization of curves is a popular tool in Number Theory. There are, however, some arithmetic and computational advantages in the use of p-adic uniformization. This paper compares the two theories and discusses how they can be used to study isogenies, with explicit examples of p-adic uniformization of hyperelliptic curves.},
  doi      = {10.1007/s10440-007-9162-6},
  issn     = {1572-9036},
  url      = {http://dx.doi.org/10.1007/s10440-007-9162-6},
}

@InCollection{MR0219512,
  author     = {Atiyah, M. F. and Wall, C. T. C.},
  title      = {Cohomology of groups},
  booktitle  = {Algebraic {N}umber {T}heory ({P}roc. {I}nstructional {C}onf., {B}righton, 1965)},
  publisher  = {Thompson, Washington, D.C.},
  year       = {1967},
  pages      = {94--115},
  mrclass    = {10.68 (18.00)},
  mrnumber   = {0219512},
  mrreviewer = {A. P. Ogg},
}

@Article{MR1079004,
  author     = {Flach, Matthias},
  title      = {A generalisation of the {C}assels-{T}ate pairing},
  journal    = {J. Reine Angew. Math.},
  year       = {1990},
  volume     = {412},
  pages      = {113--127},
  doi        = {10.1515/crll.1990.412.113},
  fjournal   = {Journal f\"ur die Reine und Angewandte Mathematik. [Crelle's Journal]},
  issn       = {0075-4102},
  mrclass    = {11G09 (11R23 11S25)},
  mrnumber   = {1079004},
  mrreviewer = {Vincent Fleckinger},
  url        = {http://dx.doi.org/10.1515/crll.1990.412.113},
}

@Book{MR770063,
  title      = {Quadratic and {H}ermitian forms},
  publisher  = {Springer-Verlag, Berlin},
  year       = {1985},
  author     = {Scharlau, Winfried},
  volume     = {270},
  series     = {Grundlehren der Mathematischen Wissenschaften [Fundamental Principles of Mathematical Sciences]},
  doi        = {10.1007/978-3-642-69971-9},
  isbn       = {3-540-13724-6},
  mrclass    = {11Exx (11-02 12D15 15A63 16A16 16A28)},
  mrnumber   = {770063},
  mrreviewer = {R. Ware},
  pages      = {x+421},
  url        = {http://dx.doi.org/10.1007/978-3-642-69971-9},
}

@Article{Smith16,
  author  = {Alexander Smith},
  title   = {Governing fields and statistics for 4-Selmer groups and 8-class groups},
  journal = {Preprint, arXiv:1607.07860},
  year    = {2016},
}

@Article{MR2331769,
  author     = {Mazur, B. and Rubin, K. and Silverberg, A.},
  title      = {Twisting commutative algebraic groups},
  journal    = {J. Algebra},
  year       = {2007},
  volume     = {314},
  number     = {1},
  pages      = {419--438},
  doi        = {10.1016/j.jalgebra.2007.02.052},
  fjournal   = {Journal of Algebra},
  issn       = {0021-8693},
  mrclass    = {14L15},
  mrnumber   = {2331769},
  mrreviewer = {Andy R. Magid},
  url        = {http://dx.doi.org/10.1016/j.jalgebra.2007.02.052},
}

@Article{MR0292836,
  author     = {Mumford, David},
  title      = {Theta characteristics of an algebraic curve},
  journal    = {Ann. Sci. \'Ecole Norm. Sup. (4)},
  year       = {1971},
  volume     = {4},
  pages      = {181--192},
  fjournal   = {Annales Scientifiques de l'\'Ecole Normale Sup\'erieure. Quatri\`eme S\'erie},
  issn       = {0012-9593},
  mrclass    = {14H99},
  mrnumber   = {0292836},
  mrreviewer = {P. E. Newstead},
  url        = {http://www.numdam.org/item?id=ASENS_1971_4_4_2_181_0},
}

@Article{morgan,
  author  = {Morgan, Adam},
  title   = {2-Selmer parity for hyperelliptic curves in quadratic extensions},
  journal = {Preprint, arXiv:1504.01960},
  year    = {2015},
}

@Article{MR1484478,
  author   = {Bosma, Wieb and Cannon, John and Playoust, Catherine},
  title    = {The {M}agma algebra system. {I}. {T}he user language},
  journal  = {J. Symbolic Comput.},
  year     = {1997},
  volume   = {24},
  number   = {3-4},
  pages    = {235--265},
  note     = {Computational algebra and number theory (London, 1993)},
  doi      = {10.1006/jsco.1996.0125},
  fjournal = {Journal of Symbolic Computation},
  issn     = {0747-7171},
  mrclass  = {68Q40},
  mrnumber = {MR1484478},
  url      = {http://dx.doi.org/10.1006/jsco.1996.0125},
}

@Book{MR0242802,
  title      = {Introduction to commutative algebra},
  publisher  = {Addison-Wesley Publishing Co., Reading, Mass.-London-Don Mills, Ont.},
  year       = {1969},
  author     = {Atiyah, M. F. and Macdonald, I. G.},
  mrclass    = {13.00},
  mrnumber   = {0242802},
  mrreviewer = {J. A. Johnson},
  pages      = {ix+128},
}

@article {YU15,
    AUTHOR = {Yu, Myungjun},
     TITLE = {Selmer ranks of twists of hyperelliptic curves and
              superelliptic curves},
   JOURNAL = {J. Number Theory},
  FJOURNAL = {Journal of Number Theory},
    VOLUME = {160},
      YEAR = {2016},
     PAGES = {148--185},
      ISSN = {0022-314X},
   MRCLASS = {11G10},
  MRNUMBER = {3425203},
MRREVIEWER = {Noriko Yui},
       DOI = {10.1016/j.jnt.2015.08.009},
       URL = {https://doi.org/10.1016/j.jnt.2015.08.009},
}

@book {MR1269324,
    AUTHOR = {Weibel, Charles A.},
     TITLE = {An introduction to homological algebra},
    SERIES = {Cambridge Studies in Advanced Mathematics},
    VOLUME = {38},
 PUBLISHER = {Cambridge University Press, Cambridge},
      YEAR = {1994},
     PAGES = {xiv+450},
      ISBN = {0-521-43500-5; 0-521-55987-1},
   MRCLASS = {18-01 (16-01 17-01 20-01 55Uxx)},
  MRNUMBER = {1269324},
MRREVIEWER = {Kenneth A. Brown},
       DOI = {10.1017/CBO9781139644136},
       URL = {https://doi.org/10.1017/CBO9781139644136},
}

@Article{MR2051392,
  author     = {Bhargava, Manjul},
  title      = {Higher composition laws. {I}. {A} new view on {G}auss composition, and quadratic generalizations},
  journal    = {Ann. of Math. (2)},
  year       = {2004},
  volume     = {159},
  number     = {1},
  pages      = {217--250},
  doi        = {10.4007/annals.2004.159.217},
  fjournal   = {Annals of Mathematics. Second Series},
  issn       = {0003-486X},
  mrclass    = {11E76 (11E16 11R11 11R29)},
  mrnumber   = {2051392},
  mrreviewer = {A. G. Earnest},
  url        = {http://dx.doi.org/10.4007/annals.2004.159.217},
}

@Book{MR1012948,
  title      = {Binary quadratic forms},
  publisher  = {Springer-Verlag, New York},
  year       = {1989},
  author     = {Buell, Duncan A.},
  note       = {Classical theory and modern computations},
  doi        = {10.1007/978-1-4612-4542-1},
  isbn       = {0-387-97037-1},
  mrclass    = {11E16 (11-02)},
  mrnumber   = {1012948},
  mrreviewer = {A. G. Earnest},
  pages      = {x+247},
  url        = {http://dx.doi.org/10.1007/978-1-4612-4542-1},
}

@Comment{jabref-meta: databaseType:bibtex;}
